<?xml version="1.0" encoding="UTF-8"?><collection xmlns="http://www.loc.gov/MARC21/slim"><record><leader>00411nam--2200157-i-4500</leader><controlfield tag="001">000042049</controlfield><controlfield tag="002">20161230</controlfield><controlfield tag="005">20170112234559</controlfield><controlfield tag="008">060222s1000------------r-----000-0-eng-d</controlfield><datafield ind1=" " ind2=" " tag="080"><subfield code="a">614.876:681.11-758.35(061.3)</subfield></datafield><datafield ind1=" " ind2=" " tag="245"><subfield code="a">Congress of radiation protection</subfield></datafield><datafield ind1=" " ind2=" " tag="260"><subfield code="a">Oxford</subfield><subfield code="b">Pergamon Press</subfield><subfield code="c">1966</subfield></datafield><datafield ind1=" " ind2=" " tag="300"><subfield code="a">XVII + (805-1623)</subfield></datafield><datafield ind1=" " ind2=" " tag="700"><subfield code="a">Snyder, W. S</subfield></datafield><datafield ind1=" " ind2=" " tag="852"><subfield code="a">45313</subfield></datafield><datafield ind1=" " ind2=" " tag="CAT"><subfield code="a">SYS</subfield><subfield code="c">20170112</subfield><subfield code="h">234559</subfield></datafield></record></collection>